@preamble{ "\newcommand{\noopsort}[1]{} "
	# "\newcommand{\printfirst}[2]{#1} "
	# "\newcommand{\singleletter}[1]{#1} "
	# "\newcommand{\switchargs}[2]{#2#1} " }4

@article{926e410fd2694907b4308ef0312773e3,
title = "What Is an Envelope?",
author = "J.W. Bruce and P.J. Giblin",
year = "1981",
language = "English",
volume = "65",
pages = "186--192",
journal = "The Mathematical Gazette",
issn = "0025-5572",
publisher = "The Mathematical Association",
number = "433",
}

@book{pottmann2010computational,
  title={Computational Line Geometry},
  author={Pottmann, H. and Wallner, J.},
  isbn={9783642040580},
  series={Mathematics and Visualization},
  url={https://books.google.sk/books?id=HVPywAEACAAJ},
  year={2010},
  publisher={Springer Berlin Heidelberg}
}

@article{cnc-bo-2017,
title = {Automatic fitting of conical envelopes to free-form surfaces for
         flank {C}{N}{C} machining},
author = {Pengbo Bo and Michael Barto\v{n} and Helmut Pottmann},
journal = {Computer Aided Design},
year = 2017,
volume = {91},
pages = "84-94",
}

@article{clanok,
    title = 	{Názov článku z časopisu},
    author =	{X. Autor1 and Y. Autor2},
    journal = {Názov časopisu, ktorý článok uverejnil},
    volume = {4},
    number = {3},
    year = {1900},
    pages = {1-100},
}

@Book{kniha,
    author ={X. Autor1 and Y. Autor2},
    title =        {Názov knihy},
    publisher =    {Vydavateľstvo},
    year =         {1900},
}


@techreport{technical_report,
    author =	{X. Autor1 and Y. Autor2},
    title= {Názov technickej správy},
    year={June 1999},
    institution = {Inštitút vydávajúci správu},
    number = {TR123/1999}
}

@inproceedings{clanok_na_konferencii,
    author =	{X. Autor1 and Y. Autor2},
    title = {Názov článku (väčšinou z konferencie)},
    booktitle = {Názov zborníka (väčšinou názov konferencie spolu s ročníkom)},
    year = {1900},
    pages = {1-100},
    url = {http://xxx.yyy.com},
}    


@misc{smernica,
 title={Vnútorný predpis č. 12/2013,
Smernica rektora {U}niverzity {K}omenského v {B}ratislave
o základných náležitostiach záverečných prác, rigoróznych 
prác a habilitačných prác, kontrole ich  originality, 
uchovávaní a sprístupňovaní  na {U}niverzite {K}omenského v {B}ratislave},
 author={{Univerzita Komenského v Bratislave}},
 year={2013},
 note={\url{https://uniba.sk/fileadmin/ruk/legislativa/2013/Vp_2013_12.pdf}},
}

@Book{Oetiker2000,
  author = 	 {Tobias Oetiker and Hubert Partl and Irene Hyna and Elisabeth Schlegl},
  title = 	 {Nie príliš stručný úvod do systému LaTeX2e},
  year = 	 {2002},
  note = {Preklad Ján Buša ml. a st}
}

